@techreport{fxNaiveBayes,
  author      = "Kimihisa KAWABATA and Hitoshi TAKATA",
  title       = "FX Trading using Logistic Regression Analysis and Naive Bayes Model",
  institution = "Kyushu Sangyo Universit JAPEAN and Kagoshima University JAPAN",
  url         = "http://www.jsst.jp/e/JSST2012/extended_abstract/pdf/11.pdf",
  note        = "Accessed November 2014", 
}

@techreport{learnClassifiers,
  author      = "Pablo D. Robles-Granda and Ivan V. Belik",
  title       = "A Comparison of Machine Learning Classifiers Applied to Financial Datasets",
  institution = "Proceedings of the World Congress on Engineering and Computer Science",
  year = "2010",
  url         = "http://www.iaeng.org/publication/WCECS2010/WCECS2010_pp454-459.pdf",
  note        = "Accessed November 2014", 
}